@misc{wikipedia_euler_totient_es,
  author       = {{Wikipedia contributors}},
  title        = {Función de Euler},
  year         = {2025},
  howpublished = {\url{https://es.wikipedia.org/wiki/Funci%C3%B3n_%CF%86_de_Euler}},
  note         = {Último acceso: 1 de septiembre de 2025}
}

@misc{lec_7_handout,
  author       = {{su18 eecs70}},
  title        = {Building the foundations of modular arithmetic},
  year         = {Sin año},
  howpublished = {\url{https://www.su18.eecs70.org/static/slides/lec-7-handout.pdf}},
  note         = {Último acceso: 1 de septiembre de 2025}
}
